@online{Apache,
  author = {},
  title = {Hadoop Streaming},
  year = 2013,
  url = {http://hadoop.apache.org/docs/r1.2.1/streaming.html},
  urldate = {2013-08-04}
}
@online{GoogleNGram,
  author = {},
  title = {Google Books, Ngram Viewer},
  year = 2013,
  url = {https://storage.googleapis.com/books/ngrams/books/datasetsv2.html},
  urldate = {2015-02-02}
}

@online{JPL,
  author = {},
  title = {Managing the Deluge of 'Big Data' From Space},
  year = 2013,
  url = {http://www.jpl.nasa.gov/news/news.php?release=2013-299},
  urldate = {2013-10-17}
}

@online{RHIPEDOCS,
  author = {},
  title = {RHIPE v0.65.3 documentation},
  year = 2010,
  url = {https://www.datadr.org/doc/serialize.html},
  urldate = {2010-10-17}
}

@online{RHADOOP_DOC,
  author = {},
  title = {MapReduce using Hadoop Streaming},
  year = 2010,
  url = {https://github.com/RevolutionAnalytics/rmr2/blob/master/pkg/man/mapreduce.Rd},
  urldate = {2015-01-21}
}

@inproceedings{Overhead,
 author = {Ding, Mengwei and Zheng, Long and Lu, Yanchao and Li, Li and Guo, Song and Guo, Minyi},
 title = {More Convenient More Overhead: The Performance Evaluation of Hadoop Streaming},
 booktitle = {Proceedings of the 2011 ACM Symposium on Research in Applied Computation},
 series = {RACS '11},
 year = {2011},
 isbn = {978-1-4503-1087-1},
 location = {Miami, Florida},
 pages = {307--313},
 numpages = {7},
 url = {http://doi.acm.org.ezproxy.lib.utexas.edu/10.1145/2103380.2103444},
 doi = {10.1145/2103380.2103444},
 acmid = {2103444},
 publisher = {ACM},
 address = {New York, NY, USA},
 keywords = {Hadoop, Hadoop streaming, Linux kernel, MapReduce},
} 

@INPROCEEDINGS{SOCIALWEB, 
author={Yuh-Jong Hu}, 
booktitle={Web Intelligence (WI) and Intelligent Agent Technologies (IAT), 2014 IEEE/WIC/ACM International Joint Conferences on}, 
title={Privacy-Preserving WebID Analytics on the Decentralized Policy-Aware Social Web}, 
year={2014}, 
month={Aug}, 
volume={2}, 
pages={503-510}, 
keywords={data privacy;distributed processing;social networking (online);trusted computing;Hadoop integration paradigm;PII;R integration paradigm;RHadoop hybrid WebID analytics;anonymous RDF linked datasets;data owner;data protection;data utility;decentralized policy-aware social Web;large-scale social network linked datasets;personal data management;personally identifiable information;policy-aware architecture;privacy-aware social Web;privacy-preserving WebID analytics;sensitive social relationships;trusted data controller;Access control;Computer architecture;Data analysis;Data privacy;Distributed databases;Ontologies;Social network services;Decentralized Social Web;Personally Identifiable Information (PII);Statistical Disclosure Control (SDC);WebID;big data analytics;privacy-aware Social Web;semantics-enabled policy}, 
doi={10.1109/WI-IAT.2014.140}}

@online{BIO,
  author = {Shicai Wang, Ioannis Pandis, David Johnson, Ibrahim Emam, Florian Guitton, Axel Oehmichen, and Yike Guo},
  title = {Optimising parallel R correlation matrix calculations on gene expression data using MapReduce},
  year = 2014,
  url = {http://www.biomedcentral.com/content/pdf/s12859-014-0351-9.pdf}
}

@INPROCEEDINGS{CLOUD, 
author={Feng Ye and Zhijian Wang and Fachao Zhou and Yapu Wang and Yuanchao Zhou}, 
booktitle={Advanced Cloud and Big Data (CBD), 2013 International Conference on}, 
title={Cloud-Based Big Data Mining amp; Analyzing Services Platform Integrating R}, 
year={2013}, 
month={Dec}, 
pages={147-151}, 
keywords={Big Data;cloud computing;data analysis;data mining;3Vs charaacters;Big Data processing;analytic functions;cloud-based Big Data mining;data statistical function;dataset processing layer;deep analytics;e-commerce;infrastructure layer;k-means algorithm;services layer;services platform integrating R analysis;smart city;traffic management;virtualization layer;volume, velocity and variety characters;Cloud computing;Computer architecture;Data mining;Educational institutions;Programming;Virtual machining;K-Mean clustering;RHadoop;big data;cloud computing;data mining and analyzing}, 
doi={10.1109/CBD.2013.13}}



@online{DIAB,
  author = {Saumya Salian, Dr. G. Harisekaran},
  title = {Big Data Analytics Predicting Risk of Readmissions of Diabetic Patients},
  year = 2013,
  url = {http://www.ijsr.net/archive/v4i4/SUB152923.pdf}
}
